azaralsharif@pc-47-106.eduroam.uib.no.91537