@MISC{OpenMRSAbout,
author = "OpenMRS",
title = "About OpenMRS",
year = "2016",
howpublished = {\url{http://openmrs.org/about}}
note = "Accessed: 02. Oct. 2016"
}
@MISC{Fortify,
author = "HPE",
title = "Application Security",
year = "2016",
howpublished = {\url{http://www8.hp.com/lamerica_nsc_carib/en/software-solutions/application-security}}
note = "Accessed: 02. Oct. 2016"
}